<?xml version="1.0" encoding="UTF-8"?><record xmlns="http://www.loc.gov/MARC21/slim" xmlns:cinclude="http://apache.org/cocoon/include/1.0" xmlns:zs="http://www.loc.gov/zing/srw/">
  <leader>00439nz  a2200133n  4500</leader>
  <controlfield tag="001">no2013002656</controlfield>
  <controlfield tag="003">DLC</controlfield>
  <controlfield tag="005">20130110080301.0</controlfield>
  <controlfield tag="008">130108n| acannaabn          |n aaa     c</controlfield>
  <datafield tag="010" ind1=" " ind2=" ">
    <subfield code="a">no2013002656</subfield>
  </datafield>
  <datafield tag="035" ind1=" " ind2=" ">
    <subfield code="a">(OCoLC)oca09379213</subfield>
  </datafield>
  <datafield tag="040" ind1=" " ind2=" ">
    <subfield code="a">NN</subfield>
    <subfield code="b">eng</subfield>
    <subfield code="c">NN</subfield>
  </datafield>
  <datafield tag="100" ind1="1" ind2=" ">
    <subfield code="a">Gülgeç, Thomasin</subfield>
  </datafield>
  <datafield tag="670" ind1=" " ind2=" ">
    <subfield code="a">The Rodin project, choreography by Russell Maliphant [VR] c2012:</subfield>
    <subfield code="b">credits (Thomasin Gülgeç; dancer; performs with Russell Maliphant Company)</subfield>
  </datafield>
</record>